%% This BibTeX bibliography file was created using BibDesk.
%% http://bibdesk.sourceforge.net/

%% Created for lapguest at 2015-02-02 16:46:25 +0100 


%% Saved with string encoding Unicode (UTF-8) 



@article{2015MNRAS.448L..48T,
	Adsnote = {Provided by the SAO/NASA Astrophysics Data System},
	Adsurl = {http://adsabs.harvard.edu/abs/2015MNRAS.448L..48T},
	Archiveprefix = {arXiv},
	Author = {{Taubenberger}, S. and {Elias-Rosa}, N. and {Kerzendorf}, W.~E. and {Hachinger}, S. and {Spyromilio}, J. and {Fransson}, C. and {Kromer}, M. and {Ruiter}, A.~J. and {Seitenzahl}, I.~R. and {Benetti}, S. and {Cappellaro}, E. and {Pastorello}, A. and {Turatto}, M. and {Marchetti}, A.},
	Date-Added = {2015-02-02 15:35:15 +0000},
	Date-Modified = {2015-02-02 15:35:15 +0000},
	Doi = {10.1093/mnrasl/slu201},
	Eprint = {1411.7599},
	Journal = {\mnras},
	Keywords = {line: identification, supernovae: general, supernovae: individual: SN 2011fe},
	Month = mar,
	Pages = {L48-L52},
	Primaryclass = {astro-ph.SR},
	Title = {{Spectroscopy of the Type Ia supernova 2011fe past 1000 d}},
	Volume = 448,
	Year = 2015,
	Bdsk-Url-1 = {http://dx.doi.org/10.1093/mnrasl/slu201}}
